<?xml version="1.0" encoding="UTF-8"?><collection xmlns="http://www.loc.gov/MARC21/slim"><record><leader>00524nam--2200193-u-4500</leader><controlfield tag="001">000052827</controlfield><controlfield tag="002">20161230</controlfield><controlfield tag="005">20161230201050</controlfield><controlfield tag="008">101122s1000------------r-----000-0-rum-d</controlfield><datafield ind1=" " ind2=" " tag="020"><subfield code="a">9732711957</subfield></datafield><datafield ind1=" " ind2=" " tag="040"><subfield code="a">IFIN-HH</subfield></datafield><datafield ind1=" " ind2=" " tag="041"><subfield code="a">rum</subfield></datafield><datafield ind1=" " ind2=" " tag="080"><subfield code="a">539.12...16:53.06:621</subfield></datafield><datafield ind1="1" ind2=" " tag="100"><subfield code="a">Jineascu, Valeriu V</subfield></datafield><datafield ind1="1" ind2="0" tag="245"><subfield code="a">Principiul energiei critice si aplicatiile sale</subfield><subfield code="c">Valeriu v. jinescu</subfield></datafield><datafield ind1=" " ind2=" " tag="260"><subfield code="a">Bucuresti</subfield><subfield code="b">Editura Academiei Romane</subfield><subfield code="c">2005</subfield></datafield><datafield ind1=" " ind2=" " tag="300"><subfield code="a">384P</subfield></datafield><datafield ind1=" " ind2=" " tag="852"><subfield code="a">82305</subfield><subfield code="c">539.2</subfield></datafield><datafield ind1=" " ind2=" " tag="CAT"><subfield code="a">Sys</subfield><subfield code="c">20110118</subfield><subfield code="h">111957</subfield></datafield></record></collection>